<?xml version="1.0" encoding="UTF-8"?><collection xmlns="http://www.loc.gov/MARC21/slim"><record><leader>00796nam--2200217-u-4500</leader><controlfield tag="001">000053412</controlfield><controlfield tag="002">20161230</controlfield><controlfield tag="005">20161230201051</controlfield><controlfield tag="008">110330s1000------------r-----000-0-eng-d</controlfield><datafield ind1=" " ind2=" " tag="020"><subfield code="a">9810238215</subfield></datafield><datafield ind1=" " ind2=" " tag="040"><subfield code="a">IFIN-HH</subfield></datafield><datafield ind1=" " ind2=" " tag="080"><subfield code="a">530.145:3:539.12(061.3)</subfield></datafield><datafield ind1="1" ind2=" " tag="100"><subfield code="a">Casalbuoni,R./S.A.</subfield></datafield><datafield ind1="1" ind2="0" tag="245"><subfield code="a">Path integrals from pev to tev; 50 years after feynman's paper</subfield><subfield code="b">Proceedings of the sixth international conference on path integrals from pev to tev, florence, italy, 25-29 august 1998</subfield><subfield code="c">R. casalbuoni, r. giachetti; v. tognetti; r. vaia; p. verrucchi (eds.)</subfield></datafield><datafield ind1=" " ind2=" " tag="260"><subfield code="a">Singapore</subfield><subfield code="b">World Scientific</subfield><subfield code="c">1999</subfield></datafield><datafield ind1=" " ind2=" " tag="300"><subfield code="a">619P</subfield></datafield><datafield ind1=" " ind2=" " tag="490"><subfield code="a">Proceedings Series</subfield></datafield><datafield ind1=" " ind2="4" tag="650"><subfield code="a">Condensed Matter Physics</subfield></datafield><datafield ind1="1" ind2=" " tag="700"><subfield code="a">Verrucchi, P</subfield><subfield code="e">Ed</subfield></datafield><datafield ind1=" " ind2=" " tag="852"><subfield code="a">81055</subfield><subfield code="c">530.145</subfield></datafield><datafield ind1=" " ind2=" " tag="CAT"><subfield code="a">Sys</subfield><subfield code="c">20110330</subfield><subfield code="h">160909</subfield></datafield></record></collection>